@article{lbfgs,
   author = {Liu, Dong C. and Nocedal, Jorge},
   affiliation = {Department of Electrical Engineering and Computer Science
                  Northwestern University 60208 Evanston IL USA},
   title = {On the limited memory BFGS method for large scale optimization},
   journal = {Mathematical Programming},
   publisher = {Springer Berlin / Heidelberg},
   issn = {0025-5610},
   keyword = {Mathematics and Statistics},
   pages = {503-528},
   volume = {45},
   issue = {1},
   url = {http://dx.doi.org/10.1007/BF01589116},
   note = {10.1007/BF01589116},
   year = {1989}
}